@misc{MBROLA,
       author={TCTS Lab of the Faculté Polytechnique de Mons (Belgien)},
       title={The MBROLA Project - Towards a Freely Available Multilingual Speech Synthesizer - Webseite},
       publisher={Faculté Polytechnique de Mons},
	   note={Abgerufen am: 29.06.2007}
}